<?xml version="1.0" encoding="UTF-8"?><collection xmlns="http://www.loc.gov/MARC21/slim"><record><leader>00333nam--2200133-i-4500</leader><controlfield tag="001">000007913</controlfield><controlfield tag="002">20161230</controlfield><controlfield tag="005">20161230201027</controlfield><controlfield tag="008">060222s1000------------r-----000-0-eng-d</controlfield><datafield ind1=" " ind2=" " tag="020"><subfield code="a">261</subfield></datafield><datafield ind1=" " ind2=" " tag="100"><subfield code="a">Alto, E</subfield></datafield><datafield ind1=" " ind2=" " tag="245"><subfield code="a">Krell, a</subfield></datafield><datafield ind1=" " ind2=" " tag="260"><subfield code="a">On The Attenuation Of Neutrons And Photons In A Duct Filled With A Helical Plug</subfield></datafield><datafield ind1=" " ind2=" " tag="490"><subfield code="a">Ae</subfield></datafield></record></collection>